@book{zapletal,
  author       = {Zapletal, Miloš},
  title        = {Velká encyklopedie her - Hry v klubovně},
  date         = 1986,
}
@online{puvod-cz,
  title = {Čínská dáma},
  urldate = {2021-01-14},
  url = {http://www.deskovehry.info/pravidla/cin-dama.htm},
}

@online{puvod-en,
  title = {The Mystique of Chinese Checkers},
  urldate = {2021-01-14},
  url = {https://www.checkershistory.com/the-mystique-of-chinese-checkers.html},
}

@online{pravidla,
  title = {Rules of Backgammon - Chinese Checkers Rules.pdf},
  urldate = {2021-01-14},
  url = {https://www.fgbradleys.com/rules/Chinese_Checkers_Rules.pdf},
}

@online{pravidla2,
  title = {How to Play Checkers},
  urldate = {2021-01-14},
  url = {https://ourpastimes.com/play-checkers-3995.html},
}

@online{pravidla3,
  title = {Kid's Games: Rules of Chinese Checkers},
  urldate = {2021-01-21},
  url = {https://www.ducksters.com/games/chinese_checkers.php},
}

@online{strategie,
  title = {10 Chinese Checkers strategies to always win | Bar Games 101},
  urldate = {2021-01-15},
  url = {https://bargames101.com/10-chinese-checkers-strategies-to-always-win/},
}

@online{strategie2,
  title = {Chinese Checkers Opening Moves and Strategies to Win | LoveToKnow},
  urldate = {2021-01-15},
  url = {https://boardgames.lovetoknow.com/Chinese_Checkers_Opening_Moves},
}

@online{net-framework,
  title = {What is .NET Framework? A software development framework.},
  urldate = {2021-01-26},
  url = {https://dotnet.microsoft.com/learn/dotnet/what-is-dotnet-framework},
}

@online{winforms,
  title = {Overview - Windows Forms .NET Framework | Microsoft Docs},
  urldate = {2021-01-27},
  url = {https://docs.microsoft.com/en-us/dotnet/desktop/winforms/windows-forms-overview?view=netframeworkdesktop-4.8},
}

@online{doublebuffered,
  title = {Control.DoubleBuffered Property (System.Windows.Forms) | Microsoft Docs},
  urldate = {2021-02-01},
  url = {https://docs.microsoft.com/en-us/dotnet/api/system.windows.forms.control.doublebuffered?view=net-5.0},
}

@online{painteventargs,
  title = {PaintEventArgs Class (System.Windows.Forms) | Microsoft Docs},
  urldate = {2021-02-01},
  url = {https://docs.microsoft.com/en-us/dotnet/api/system.windows.forms.painteventargs?view=net-5.0},
}